<?xml version="1.0" encoding="UTF-8"?><collection xmlns="http://www.loc.gov/MARC21/slim"><record><leader>00332nam--2200133-i-4500</leader><controlfield tag="001">000046523</controlfield><controlfield tag="002">20161230</controlfield><controlfield tag="005">20161230201046</controlfield><controlfield tag="008">060222s1000------------r-----000-0-eng-d</controlfield><datafield ind1=" " ind2=" " tag="100"><subfield code="a">Uzun, L., Papadache, I</subfield></datafield><datafield ind1=" " ind2=" " tag="245"><subfield code="a">Regulatoare</subfield></datafield><datafield ind1=" " ind2=" " tag="260"><subfield code="a">Bucuresti, Asit, 1960, 116p</subfield></datafield><datafield ind1=" " ind2=" " tag="490"><subfield code="a">Cursul De Teoria Reglarii Automate</subfield></datafield><datafield ind1=" " ind2=" " tag="852"><subfield code="a">7435</subfield></datafield></record></collection>